0000006120672505        00099449  Testgebruiker21           KREDBEBB   00630366277 00000                                       2
10001435000000080 EUR0BE                  0000000000000000061206Testgebruiker21           KBC-Bedrijfsrekening               001
2100010000EPIB00048 AWIUBTKAPUO1000000002578250061206007990000BORDEREAU DE DECOMPTE AVANCES    015 NUMERO D'OPERATI06120600111 0
2200010000ON 495953                                                                                                          0 0
2100020000INID00243 AWIVVDRNTSO0000000000011210061206307870000AFREKENINGSBORDEREL VOORSCHOTTEN 014 OPERATIENUMMER  06120600111 0
2200020000   491820                                                                                                          0 0
2100020001INID00243 AWIVVDRNTSO0000000000011210061206807870020                                                     06120600110 0
2100030000OL9456574JBBNEUBCRCL10000000001075000061206341500000/INV/2061260                                         06120600111 0
2200030000                                                                                                   00843246306A16481 0
2300030000LU037050522702273100                  Olgerdin Egill Skallagrims                                                   0 1
3100030001OL9456574JBBNEUBCRCL1341500001001Olgerdin Egill Skallagrims                                                        1 0
3200030001Grjothalsi 7                       11110 Reykjavik                                                                 0 0
2100030002OL9456574JBBNEUBCRCL10000000001075000061206841501001105000000001075000000000001075000000100000000EUR     06120600111 0
2200030002         000000001075000                                                                                           0 0
2100040000OL7254378 BCCHRSTGKOS0000000000030860061206343870000GEDEELTELIJKE TERUGGAVE KOSTEN :CHEQ 290906-EUR755,8006120600111 0
2200040000                                                     NB2206092900135                                H206102500000180 0
2100040001OL7254378 BCCHRSTGKOS0000000000023000061206843870150                                                     06120600100 0
2100040002OL7254378 BCCHRSTGKOS0000000000002500061206843870040                                                     06120600100 0
2100040003OL7254378 BCCHRSTGKOS00000000000053600612068438701111060000000000053600000000000255000021000000002000000006120600111 0
220004000300005360                                                                                                           0 0
2100050000OL7252793 BCCHRSXTKOS1000000000010610061206343370000CHARGES CHEQUE GBP 1400 BRITISH HEART FOUNDATION     06120600111 0
2200050000                                                                                                    H506080300000100 0
2100050001OL7252793 BCCHRSXTKOS1000000000008770061206843370150                                                     06120600100 0
2100050002OL7252793 BCCHRSXTKOS10000000000018400612068433701111060000000000018400000000000087700021000000002000000006120600111 0
220005000200001840                                                                                                           0 0
2100060000OL4754532 BELCTOCOMFG0000000002500000061206001500000RISTOURNE COMMERCIALE FRAIS D'ENTREE CBC FONDS REVERS06120600101 0
2200060000E SPREAD 1                                                                              CREGBEBB                   1 0
2300060000000000000000                         CBC BANQUE S.A.                                                               0 1
3100060001OL4754532 BELCTOCOMFG01500001001CBC BANQUE S.A                                                                     0 0
2100070000IJUF00068 BHKDGLDTBIC1000000128000000061206101130000                                                     06120600111 0
2200070000                                                     CASHTPF0132                                                   0 0
2100070001IHMI00001 TBOGOVOVERS1000000004000000061206501130000                                                     06120600101 0
2200070001                                                     CASHTPF0132                                                   1 0
2300070001191038188256                         ECONOLER  S.A.                                                                0 1
3100070002IHMI00001 TBOGOVOVERS501130001001ECONOLER  S.A.                                                                    1 0
3200070002AV. DE HAVESKERCKE  46             1190   BRUXELLES                                                                0 0
2100070003IHMI00002 TBOGOVOVERS1000000027000000061206501130000                                                     06120600101 0
2200070003                                                     CASHTPF0132                                                   1 0
2300070003068226750863                         T.P.F.  S.A.                                                                  0 1
3100070004IHMI00001 TBOGOVOVERS501130001001T.P.F.  S.A.                                                                      1 0
3200070004AV. DE HAVESKERCKE  46             1190   BRUXELLES                                                                0 0
2100070005IHMI00003 TBOGOVOVERS1000000097000000061206501130000                                                     06120600111 0
2200070005                                                     CASHTPF0132                                                   1 0
2300070005191039349226                         TPF CONSULTING                                                                0 1
3100070006IHMI00001 TBOGOVOVERS501130001001TPF CONSULTING                                                                    1 0
3200070006AV. DE HAVESKERCKE  46             1190   BRUXELLES                                                                0 0
2100080000IQQQ00412 BHKDGLDTBLO1000000002782570061206101050000                                                     06120600110 0
2100080001IPTE00001 TBOSOCOVERS1000000000747690061206501050000311006 BEZOLDIGING                                   06120600101 0
2200080001                                                  951             0010000000038                                    1 0
2300080001393064679386                         JANSSENS TUUR                                                                 0 1
3100080002IPTE00001 TBOSOCOVERS501050001001JANSSENS TUUR                                                                     1 0
3200080002DR COCHEZSTRAAT 27                 9470 DENDERLEEUW                                                                0 0
2100080003IPTE00002 TBOSOCOVERS1000000000565640061206501050000311006 BEZOLDIGING                                   06120600101 0
2200080003                                                  952             0010000000041                                    1 0
2300080003001101815623                         MONTEO CARLOS                                                                 0 1
3100080004IPTE00002 TBOSOCOVERS501050001001MONTEO CARLOS                                                                     1 0
3200080004RUE J LAHAYE 288 BTE 131           1090 JETTE                                                                      0 0
2100080005IPTE00003 TBOSOCOVERS1000000000588630061206501050000311006 BEZOLDIGING                                   06120600101 0
2200080005                                                  953             0010000000042                                    1 0
2300080005429012832102                         VANBUITEN GUIDO                                                               0 1
3100080006IPTE00003 TBOSOCOVERS501050001001VANBUITEN GUIDO                                                                   1 0
3200080006GANZEWEG 11                        1730 MOLLEM                                                                     0 0
2100080007IPTE00004 TBOSOCOVERS1000000000880610061206501050000311006 BEZOLDIGING                                   06120600101 0
2200080007                                                  954             0010000000043                                    1 0
2300080007001125786444                         FLIPKENS MARIA                                                                0 1
3100080008IPTE00004 TBOSOCOVERS501050001001FLIPKENS MARIA                                                                    1 0
3200080008HULSTSTRAAT 9                      9620 ZOTTEGEM                                                                   0 0
2100090000IHBA0005X BKTBBNPOSKC000000000009500006120600450000111196023984130095830111060095850111068MIRANO CONTINEN06120600101 0
2200090000TBRUXELLES                                                                                                         0 0
2100100000IHIG00001HBKTCOLBETHL000000000016317006120600468000111195202570100000002909060000000111060POLYCLINIQUE   06120600101 0
2200100000 BRUXELLES                                                                                                         0 0
2100110000OL4743165 BKTCTOKMBTW0000000000065610061206001500000TUSSENKOMST KOSTEN TANKKAARTEN - DOSSIER BET20061013606120600101 0
220011000071                                                                                                                 0 0
2100120000NBHK00001 BKTHRSBECLG00000000001800000612060049900011137372171950661206000000000000029060600004          06120600101 0
2200120000                000000000000000000000000000                                                                        1 0
2300120000666000000180                                                                                                       0 0
2100130000OL4713253 BKTHRSCEXTR1000000000104230061206004490000BANKSYSDOSSIER D0500285                              06120600101 0
2200130000                        SR 631472                                                                                  1 0
2300130000001106249937                                                                                                       0 0
2100140000CXQZA0AAL BKTKOSKOBFG1000000000002270061206304370000FRAIS CARTE BANCAIRE 199-9141991-24 3213             06120600110 0
2100140001CXQZA0AAL BKTKOSKOBFG1000000000001880061206804370060                                                     06120600100 0
2100140002CXQZA0AAL BKTKOSKOBFG10000000000003900612068043701111060000000000003900000000000018800021000000002000000006120600111 0
220014000200000000                                                                                                           0 0
2100150000OL1DBB0YHGBKTOTBBEPOS10000000000217000612060040200011131910317041110214172454663076602110614287CORA LA LO06120600101 0
2200150000UVIERELA LOUVIER000000000000000000000000000                                                                        0 0
2100160000OL1DE8LYE BKTOTBBEPRO10000000001000000612060040500011131913140862650511000000000000002110600000BANQUE BRA06120600101 0
2200160000BANT  BRUXELLES 00000000000000000000000000   000000000000                                                          0 0
2100170000OL4769382BBKTTBKTBCLG0000000000008500061206004990000          1232 R0760043                              06120600100 0
2100180000IVEV00021 BKTUBBBECLG10000000003000000612060040400011131919283001670926925000700867831100614020BPVF      06120600101 0
2200180000                000000000300000000100000000EUR0000000                                                              1 0
2300180000                                                                         00000                                     0 0
2100190000VOPB03739 BNKHRSRIDRO1000000000004410061206335010000CORRECTION     REFUND OF DEBIT INTEREST     AS AT 30/06120600111 0
220019000009/2006 FOR ACCOUNT  191-0510341-87 IN EUR                                        000000000000000                  0 0
2100190001VOPB03739 BNKHRSRIDRO1000000000004410061206835010020                                                     06120600110 0
2100200000IGQG000014BNKHRSRNTAG0000000000001260061206335990000CALCUL COMPLEMENTAIRE DES INTERETS AU    31/10/2006 D06120600111 0
2200200000U COMPTE    191-0179633-52 EN EUR                                                                                  0 0
2100200001IGQG000014BNKHRSRNTAG0000000000001260061206835990010                                                     06120600110 0
2100210000OL7253698 BWIHRSDIHRS0000000000160500061206047990000H20609190000018                                      06120600101 0
2200210000                                                                                                    NB32060825001581 0
2300210000192210170245                                                                                                       0 0
2100220000OL7253991 BWIHRSDIHRS1000000049000000061206047490000H50610050000013                                      06120600100 0
2100230000OL4766446 CHQCORCCLKT1000000000000980061206003490000HERSTELLING CHEQUE NR 538428 GEBOEKT OP 070706 VOOR 106120600101 0
2200230000376 EUR IPV 1376,98 EUR 73073338A4EQ3                                                                              0 0
2100240000OL4718947 CHQFAKHAMAC0000000000006050061206003990000TERUGGAVE KOSTEN AANMAAK BANKCHEQUE NR 644701        06120600100 0
2100250000OL47991625DOMHRSINVCD0000000000091000061206005990000ONUITV GEDOM TERUGBET DOMNR 738-3021430-96 ONBESTAAND06120600101 0
2200250000 : MED :700400186181 REF2152029619 DD23/8                                                                          0 0
2100260000OL4760675 DOMHRSINVCD1000000000495790061206005030000TEGENBOEKING DOMICILIERING DOMNR 740-3223388-58 REEDS06120600101 0
2200260000 BETAALD VIA OVERSCHR.                                                                                             0 0
2100270000DWES00006 EMSITAKPIEO00000120646986700612063119900001795EO763445                                         06120600110 0
2100270001DWES00006 EMSITAKPIEO0000012004200000061206811991000                                                     06120600100 0
2100270002DWES00006 EMSITAKPIEO0000000060498670061206811990020                                                     06120600110 0
2100280000EVCP00474 EMSITKKPIEG1000002501250000061206311030000                                                     06120600110 1
3100280001EVCP00474 EMSITKKPIEG311030001010EO767357     727973443458                02XS0271580481   N00000000000            1 0
32002800010   0001EUR000001000500000100000000PEMBRIDGE SQ CDO CL F  06 VAR 070117    1795                 00000000           1 0
3300280001                             20102006intekening              000002500000000                                       0 0
2100280002EVCP00474 EMSITKKPIEG1000002501250000061206811031000                                                     06120600110 0
2100290000IVEE00331 EMSITKKPIEG1000000010678030061206311010000                                                     06120600110 1
3100290001IVEE00331 EMSITKKPIEG311010001010EO768512     725135970661                02SE0000459539   N00000000000            1 0
32002900010   0001EUR000001029000000100000000ZWEDEN         98  EURO 05,00 280109    1795                 00000000           1 0
3300290001                             30102006achat                   000000010000000                                       0 0
2100290002IVEE00331 EMSITKKPIEG1000000010290000061206811011000                                                     06120600100 0
2100290003IVEE00331 EMSITKKPIEG1000000000007470061206811014270                                                     06120600100 0
2100290004IVEE00331 EMSITKKPIEG1000000000380560061206811010020                                                     06120600110 0
2100300000ZTCU00147 EMSVKAKPUEO10000003027107500612063114900001795EO764997                                         06120600110 0
2100300001ZTCU00147 EMSVKAKPUEO1000000300000000061206811491000                                                     06120600100 0
2100300002ZTCU00147 EMSVKAKPUEO1000000002710750061206811490010                                                     06120600110 0
2100310000OL7040394 KGDABDVCBDG0000000001475940061206009990000Uw storting beschadigde deviezen   53213471890       06120600100 0
2100320000BVGB00596LKKTOVSOVKUG10000000001208500612060040300011245526145483651201    1420                          06120600101 0
2300320000666000000483                                                                                                       0 0
2100330000OL4798969 KRDHRSFEESO00000000093445000612060139900008300759-81 GUTENBERG SA              CORRECTION COMMI06120600101 0
2200330000TMENT FEE 2E TRIMESTRE  2006                                                                                       0 0
2100340000AFTP00004 NCPHRSRNTAG0000000000000030061206335500000196-0285402-83 EUR                                   06120600110 0
2100340001AFTP00004 NCPHRSRNTAG0000000000000030061206835500020                                                     06120600110 0
2100350000UWCCA0AFR OTFFAKABONF1000000000024200061206380020000KOSTEN ELEKTRONISCHE BERICHTGEVING       via KBC@Isab06120600111 0
2200350000el            VAN   01/07/2006 TOT   30/09/2006                                                                    0 0
2100350001UWCCA0AFR OTFFAKABONF1000000000020000061206880330060                                                     06120600100 0
2100350002UWCCA0AFR OTFFAKABONF10000000000042000612068803301111060000000000042000000000000200000021000000002000000006120600111 0
220035000200000000                                                                                                           0 0
2100360000IGYV00026 TK1TBNINNIG1000000000279500061206013010000PAIEMENT CREDIT  728-0379193-58                      06120600101 0
2300360000728037919358                                                                                                       0 0
2100370000OL4729981 TMNHRSTOTUO1000000056003590061206030490000ANNULATION PLACEMENT 004018282                       06120600101 0
2300370000728051142478          002WR2         CARNIPOR SA                                                                   0 1
3100370001OL4729981 TMNHRSTOTUO030490001001CARNIPOR SA                                                                       1 0
3200370001RUE DE LA STATION 47               4852HOMBOURG                                                                    0 0
2100380000OL9483338IUBOBPOTRFCO1000000000321040061206341010000AUTOROUTE SANEF        FAKT NO F0337604812           06120600111 0
2200380000FAKT DECEMBER 2005                                   SANEF NORD                                      832856027A00011 0
2300380000                                      AUTOROUTE BANQUE                                                             0 1
3100380001OL9483338IUBOBPOTRFCO341010001001AUTOROUTE BANQUE                                                                  1 0
3200380001AUTOROUTE SANEF NORD               59023 LILLE                        FR                                           0 0
2100380002OL9483338IUBOBPOTRFCO1000000000321040061206841011001105000000000321040000000000321040000100000000EUR     06120600111 0
2200380002         000000000321040                                                                                           0 0
2100390000OL9001989 UBOHRSINTEG000000000013050006120604149000000224476304A0005                                     06120600101 0
2200390000                                                     00352036300B8687                                              0 0
2100400000OL9433561JBBOEUBCRECL0000000002448000061206341500000C.0609/717,                                          06120600111 0
2200400000                                                     019938863058283A                   KREDNL2XXXX00843246305A02961 0
2300400000NL34KRED0633083542                   HOLLANDSE INVESTERINGSMAATSCHAPPIJ                                            0 1
3100400001OL9433561JBBOEUBCRECL341500001001HOLLANDSE INVESTERINGSMAATSCHAPPIJ AFDELING NOORD-BRABANT                         1 0
3200400001POSTBUS 998                        5600 EINDHOVEN                                                                  0 0
2100400002OL9433561JBBOEUBCRECL0000000002448000061206841501001105000000002448000000000002448000000100000000EUR     06120600111 0
2200400002         000000002448000                                                                                           0 0
2100410000OL9433967KBBOKOSDIVKS1000000000010890061206341370000                                                     06120600111 0
2200410000                                                                                                   00843246305A02960 0
2100410001OL9433967KBBOKOSDIVKS1000000000009000061206841370130                                                     06120600100 0
2100410002OL9433967KBBOKOSDIVKS10000000000018900612068413701111060000000000018900000000000090000021000000002000000006120600111 0
220041000200001890                                                                                                           0 0
2100420000OL9442776JBBOTRFCRECL0000000006730240061206341500000INVOICE NO.. 2006/66992                              06120600111 0
2200420000                                                     7906ULA302330                      NDEANOKKXXX00843246305A00241 0
2300420000NO1160060431712                      TITANIA A/S                                                                   0 1
3100420001OL9442776JBBOTRFCRECL341500001001TITANIA A/S                                                                       1 0
3200420001                                   4380 HAUGE I DALANE                                                             0 0
2100420002OL9442776JBBOTRFCRECL0000000006730240061206841501001105000000006730240000000056059600000832950600NOK     06120600111 0
2200420002         000000006730240                                                                                           0 0
2100430000IJUF01356 BHKDGLPOSKV0000000001705250061206204500000OPERATIONS TERMINAL DE PAIEMENT                      06120600110 0
2100430001IHBC0001H BKTBBNPOSG10000000000600000061206604500001114935304718600683531100611018ETS STEYLEMANS  BRUXELL06120600101 0
2200430001ES 0507775191760001                                                                                                0 0
2100430002IHBC0001I BKTBBNPOSG10000000001080000061206604500001114935304718600683631100611028ETS STEYLEMANS  BRUXELL06120600101 0
2200430002ES 0507775191760001                                                                                                0 0
2100430003IHBC0001J BKTBBNPOSG10000000000025250061206604500001114935304718600683731100612048ETS STEYLEMANS  BRUXELL06120600111 0
2200430003ES 0503797159140026                                                                                                0 0
2100440000IJUF01359 BHKDGLPOSKV0000000000180000061206204500000OPERATIONS TERMINAL DE PAIEMENT                      06120600110 0
2100440001IHBC0001X BKTBBNPOSG2000000000017300006120660450000111190649479270021833110060021863110068TIME SQUARE    06120600101 0
2200440001 MONS                                                                                                              0 0
2100440002IHBC0001Y BKTBBNPOSG2000000000000700006120660450000111190649479270021873110060021873110068TIME SQUARE    06120600111 0
2200440002 MONS                                                                                                              0 0
2100450000IHBA00004 BKTBBNPOSKZ0000000000642200061206004500001114901704113200287431100617188VIATOR          LESSINE06120600101 0
2200450000S  260583                                                                                                          0 0
2100460000AUYN00001GBKTUBNBEPOS10000000000367200612060040600011137291975120230119102778900456712100612189HURKMANS P06120600101 0
2200460000ETROL.HASSELT   000000000000000000000000000   0300006                                                              1 0
2300460000335055422210                                                            01224                                      0 0
2100470000IGNV03125 BODASMAKBBG1000000006509350061206311010000179206278287                                         06120600110 1
3100470001IGNV03125 BODASMAKBBG31101000101006278287     729134436660                02BE0003790079   P00000100000            1 0
32004700010EUR0001EUR000000645000000100000000BARCO                                   1792                 00000000E          1 0
3300470001uronext Bruxelles            31102006achat                  000000000000000                                        0 0
2100470002IGNV03125 BODASMAKBBG1000000006450000061206811011000                                                     06120600100 0
2100470003IGNV03125 BODASMAKBBG1000000000010970061206811014270                                                     06120600100 0
2100470004IGNV03125 BODASMAKBBG1000000000048380061206811014260                                                     06120600110 0
2100480000ITARA0AG64DOMDCDDID021000000000021940061206005030001107740316202802031106436769         1001987517     1006120600101 0
22004800000202239951                                           0020061023                                                    0 0
2100490000OL7040373EKGDSTNSTABG00000000008100000612060045300011157294582459985245100058901894704100613480410065864906120600101 0
22004900002000000000810000 KBC BANK TIELT  TIELT     0000000020                                                              1 0
2300490000                                                                        20                                         0 1
3100490001OL7040373EKGDSTNSTABG0045300010070000001010000000000000010000                                                      0 1
3100490002OL7040373EKGDSTNSTABG0045300010070000001100000000000000100000                                                      0 1
3100490003OL7040373EKGDSTNSTABG0045300010070000001200000000000000200000                                                      0 1
3100490004OL7040373EKGDSTNSTABG0045300010070000001500000000000000500000                                                      0 0
2100500000BVGB00596LKKTOVSOVKUG10000000001208500612060040300011245526145483651201    1420                          06120600101 0
2300500000666000000483                                                                                                       0 0
2100510000IHAB005Y4 OSICOUAFREG0000000000139200061206311520000                                                     06120600110 1
3100510001IHAB005Y4 OSICOUAFREG3115200010110000018067684729165843038                02US92343V1044   000008500000            1 0
3200510001VERIZON COMMUNICATIONS ACTION           USD000000004050001000000000080850coupon                        01          1 0
33005100011106000078284800EUR000000000000000                                                                                 0 0
2100510002IHAB005Y4 OSICOUAFREG0000000000269500061206811521000OSCP000000018067684                                  06120600100 0
2100510003IHAB005Y4 OSICOUAFREG1000000000080850061206811524290                                                     06120600100 0
2100510004IHAB005Y4 OSICOUAFREG10000000000471600612068115205111060000000000471600000000001886400025000000002000000006120600101 0
220051000400047160                                                                                                           0 0
2100510005IHAB005Y4 OSICOUAFREG1000000000001890061206811520140                                                     06120600100 0
2100510006IHAB005Y4 OSICOUAFREG10000000000004000612068115201111060000000000004000000000000018900021000000002000000006120600111 0
220051000600000400                                                                                                           0 0
2100520000IHFF00001BOVSBBNONTVA0000000010239930061206001500000R:0298001  24/10 AX 9411001225 T:    9 L:NA          06120600101 0
2200520000BRT:   10502,50 C:    262,57  A:       0,00  D:311006                                                              1 0
2300520000310159253878                         AMERICAN EXPRESS                                                              0 1
3100520001IHFF00001BOVSBBNONTVA001500001001AMERICAN EXPRESS                                                                  1 0
3200520001BD.SOUVERAIN/VORSTLAAN 100         1170BRUSSELS/BRUXELLES                                                          0 0
2100530000IKKUZ0AAAAOVSBBNONTVA0000000000817560061206001500001101269021157996                                      06120600101 0
2300530000370121620105                         LA CROIX D OR SPRL                                                            0 1
3100530001IKKUZ0AAAAOVSBBNONTVA001500001001LA CROIX D OR SPRL                                                                1 0
3200530001RUE FELIX MAIGRET 7                7030 ST-SYMPHORIEN                                                              0 0
2100540000IQQRZ0ASR TBOGOVOVERS000000038725882006120600199000086047442,86047472,86047438,86047447,86047452,8604746106120600101 0
2200540000                                                     0002261314   34000112                                         1 0
2300540000685576703767                         CARGILL NV                                                                    0 1
3100540001IQQRZ0ASR TBOGOVOVERS001990001001CARGILL NV                                                                        1 0
3200540001PRINS ALBERTLAAN 12                8870 IZEGEM                                                                     0 0
2100550000FTBV00082ATBOSOCOVERS0000000000159590061206001500001101702600521948                                      06120600101 0
2300550000440040179189                         VERZ.KAS ARBEIDSON.SECUREX                                                    0 1
3100550001FTBV00082ATBOSOCOVERS001500001001VERZ.KAS ARBEIDSON.SECUREX                                                        1 0
3200550001VERENIGDE-NATIESLAAN 1             9000 GENT                                                                       0 0
2100560000OL7496335 TTKTTKTTAUT10000000005000000612060040400011131921033602120312200526500000002110600001CBC BANQUE06120600101 0
2200560000 ENGHIENGHIEN   000000000500000000100000000EUR000000000000                                                         0 0
2100570000OL9400612IUBOBENTRFCB1000000023846320061206341010000                                                     06120600111 0
2200570000                                                     0000000000005584                   KREDGB2XXXX00352036318C12421 0
230057000003056891                             DUFERCO SP.STEELS EUR.SA                                                      0 1
3100570001OL9400612IUBOBENTRFCB341010001001DUFERCO SP.STEELS EUR.SA           .                                              1 0
3200570001                                   NL                                                                              0 1
3100570002OL9400612IUBOBENTRFCB341010001004GARANTIBANK INTERNATIONAL NV                                                      0 0
2100570003OL9400612IUBOBENTRFCB1000000023846320061206841011001105000000023846320000000023846320000100000000GBP     06120600111 0
2200570003         000000035259970                                                                                           0 0
2100580000OL9416622IUBOEUBTRFCS1000000000001960061206341010000LISTE DIFFUSION ISAAC DEVIS 1300129844D DU 13/10/06  06120600111 0
2200580000                                                                                        KREDFRPPXXX00843246304A23251 0
23005800000000000000000278004000106589380301   AB CONNECT SARL                                                               0 1
3100580001OL9416622IUBOEUBTRFCS341010001001AB CONNECT SARL                                                                   1 0
320058000121 RUE DES VERTUS                  13005 MARSEILLE FR                                                              0 1
3100580002OL9416622IUBOEUBTRFCS341010001004SOCIETE GENERALE                                                                  0 0
2100580003OL9416622IUBOEUBTRFCS1000000000001960061206841011001105000000000001960000000000001960000100000000EUR     06120600111 0
2200580003         000000000001960                                                                                           0 0
2100590000OL9462125KUBOKOSDIVKS1000000000034800061206341370000                                                     06120600111 0
2200590000                                                                                                   00843246304A23250 0
2100590001OL9462125KUBOKOSDIVKS1000000000022310061206841370150                                                     06120600100 0
2100590002OL9462125KUBOKOSDIVKS1000000000006450061206841370130                                                     06120600100 0
2100590003OL9462125KUBOKOSDIVKS10000000000060400612068413701111060000000000060400000000000287600021000000002000000006120600111 0
220059000300006040                                                                                                           0 0
8001435000000080 EUR0BE                  0000009405296990071206                                                                0
9               000260000003085871600000012491168590                                                                           2
